@misc{lee2017feedback,
  title={Feedback-based adaptive load modulation (ALM) for a near field communication (NFC) device},
  author={Lee, D.U. and Jain, D.},
  url={https://www.google.com/patents/US9590701},
  year={2017},
  month=mar # "~7",
  publisher={Google Patents},
  note={US Patent 9,590,701}
}
